:20:MT940
:25:/PL88102027910000740200749887
:28C:152
:60F:C190520PLN0,00
:61:1905200803C50,00NU13NONREF//2150501100005327
U13 0
:86:020~00U13
~20 WPLATA
~21 OD RYDZYK STUDIO
~22 TELEWIZJA EXTREMALNA
~23ÿ
~24ÿ
~25ÿ
~3010202791
~310000780200305219
~32 BARBARA KWIATUSZEK
~3337 BAJKOWO UL. CZEKOLADOWA
~38PL89102027910000780200305219
~60ÿ
~63SWRK 00451
:62F:C180803PLN50,00
:64:C180803PLN50,00